@Book{Joyal1984,
  author    = {Joyal, AndreÃÅ},
  publisher = {American Mathematical Society},
  title     = {An extension of the Galois theory of Grothendieck},
  year      = {1984},
  isbn      = {0821823124},
  pages     = {71},
}

@Book{MacLane1994,
  author    = {MacLane, Saunders and Moerdijk, Ieke},
  publisher = {Springer},
  title     = {Sheaves in Geometry and Logic},
  year      = {1994},
  isbn      = {9780387977102},
  pages     = {629},
  subtitle  = {A First Introduction to Topos Theory (Universitext)},
}

@Book{Johnstone2002,
  author    = {Johnstone, Peter T.},
  publisher = {Oxford University Press, USA},
  title     = {Sketches of an Elephant: Vol. 1},
  year      = {2002},
  isbn      = {9780198534259},
  pages     = {568},
  subtitle  = {A Topos Theory Compendiumm vol. 1 (Oxford Logic Guides, 43)},
}

@Misc{Streicher2018,
  author    = {Streicher, Thomas},
  title     = {Fibered Categories a la Jean Benabou},
  year      = {2018},
  copyright = {arXiv.org perpetual, non-exclusive license},
  doi       = {10.48550/ARXIV.1801.02927},
  keywords  = {Category Theory (math.CT), FOS: Mathematics, FOS: Mathematics, 18D30},
  publisher = {arXiv},
}

@Comment{jabref-meta: databaseType:bibtex;}
