@Book{Johnstone2002,
  author    = {Johnstone, Peter T.},
  publisher = {Oxford University Press, USA},
  title     = {Sketches of an Elephant: Vol. 1},
  year      = {2002},
  isbn      = {9780198534259},
  pages     = {568},
  subtitle  = {A Topos Theory Compendiumm vol. 1 (Oxford Logic Guides, 43)},
}

@Misc{Streicher2018,
  author    = {Streicher, Thomas},
  title     = {Fibered Categories a la Jean Benabou},
  year      = {2018},
  copyright = {arXiv.org perpetual, non-exclusive license},
  doi       = {10.48550/ARXIV.1801.02927},
  keywords  = {Category Theory (math.CT), FOS: Mathematics, FOS: Mathematics, 18D30},
  publisher = {arXiv},
}

@Book{Johnson2021,
  author    = {Johnson, Niles and Yau, Donald},
  publisher = {Oxford University Press},
  title     = {2-Dimensional Categories},
  year      = {2021},
  isbn      = {9780198871378},
}

@Misc{HeLe2020,
  author = {{Hedonistic Learning}},
  month  = feb,
  title  = {Beck-Chevalley},
  year   = {2020},
  url    = {https://www.hedonisticlearning.com/posts/beck-chevalley.html},
}

@Book{Borceux1994,
  author    = {Borceux, Francis},
  publisher = {Cambridge University Press},
  title     = {Handbook of categorical algebra},
  year      = {1994},
  isbn      = {0521441781},
}

@Comment{jabref-meta: databaseType:bibtex;}
